Skip To Content
Search H E B.com
tuna in water



In-store at

Victoria H‑E‑B plus!

Shop

Recipes & meals

Savings

Pharmacy

Wellness
Sign up
or
log in
Shopping lists
Help & FAQs
“tuna in water”
Filter by
Skip to product grid
Category
Deli & prepared food
Pantry
Savings

Price cut
Price cut
1
Brand

H-E-B
H-E-B
20

Central Market
Central Market
2

Hill Country Fare
Hill Country Fare
3

Bumble Bee
Bumble Bee
5

Chicken of the Sea
Chicken of the Sea
4

Show allBrand filters
Ways to Shop

SNAP EBT eligible
SNAP EBT eligible
56

Low carb lifestyle
Low carb lifestyle
36

Keto friendly
Keto friendly
36

Gluten free verified
Gluten free verified
21

Kosher
Kosher
19

Show allWays to Shop filters
Price

$0 - $9.99
$0 - $9.99
55

$10 - $19.99
$10 - $19.99
1
56 results
Sort by

Best match

Add H-E-B Chunk Light Tuna in Water - Texas Size Pack to list
H-E-B Chunk Light Tuna in Water - Texas Size Pack, 8 pk
H-E-B Chunk Light Tuna in Water - Texas Size Pack, 8 pk
$7.98
each
($0.20 / oz)
H-E-B Chunk Light Tuna in Water - Texas Size Pack, 8 pk
Aisle 5


Add to cart

Add StarKist Chunk Light Tuna in Water to list
StarKist Chunk Light Tuna in Water, 20 OZ
$4.98
each
($0.25 / oz)
StarKist Chunk Light Tuna in Water, 20 OZ
Aisle 5


Add to cart

Add StarKist Chunk Light Tuna in Water to list
StarKist Chunk Light Tuna in Water, 12 oz
$2.58
each
($0.22 / oz)
StarKist Chunk Light Tuna in Water, 12 oz
Aisle 5


Add to cart

Add Hill Country Fare Chunk Light Tuna in Water to list
Hill Country Fare Chunk Light Tuna in Water, 5 oz
Price cut

$0.96

$0.85
each
($0.17 / oz)
Hill Country Fare Chunk Light Tuna in Water, 5 oz
Aisle 5


Add to cart

Add Hill Country Fare Chunk Light Tuna in Water to list
Hill Country Fare Chunk Light Tuna in Water, 12 oz
$2.48
each
($0.21 / oz)
Hill Country Fare Chunk Light Tuna in Water, 12 oz
Aisle 5


Add to cart

Add H-E-B Chunk Light Tuna in Water to list
H-E-B Chunk Light Tuna in Water, 4 pk
H-E-B Chunk Light Tuna in Water, 4 pk
$4.18
each
($0.21 / oz)
H-E-B Chunk Light Tuna in Water, 4 pk
Aisle 5


Add to cart

Add H-E-B Chunk White Albacore Tuna in Water to list
H-E-B Chunk White Albacore Tuna in Water, 4 pk
H-E-B Chunk White Albacore Tuna in Water, 4 pk
$5.68
each
($0.28 / oz)
H-E-B Chunk White Albacore Tuna in Water, 4 pk
Aisle 5


Add to cart

Add StarKist Chunk Light Tuna in Water Pouch to list
StarKist Chunk Light Tuna in Water Pouch, 4 ct
$4.98
each
($0.48 / oz)
StarKist Chunk Light Tuna in Water Pouch, 4 ct
Aisle 5


Add to cart

Add StarKist Chunk Light Tuna in Water to list
StarKist Chunk Light Tuna in Water, 5 oz
$1.14
each
($0.23 / oz)
StarKist Chunk Light Tuna in Water, 5 oz
Aisle 5


Add to cart

Add H-E-B Chunk White Albacore Tuna in Water to list
H-E-B Chunk White Albacore Tuna in Water, 12 oz
H-E-B Chunk White Albacore Tuna in Water, 12 oz
$3.62
each
($0.30 / oz)
H-E-B Chunk White Albacore Tuna in Water, 12 oz
Aisle 5


Add to cart

Add StarKist Light Tuna in Water Pouch Family Size to list
StarKist Light Tuna in Water Pouch Family Size, 11 oz
$4.36
each
($0.40 / oz)
StarKist Light Tuna in Water Pouch Family Size, 11 oz
Aisle 5


Add to cart

Add StarKist Solid White Albacore Tuna in Water to list
StarKist Solid White Albacore Tuna in Water, 4 ct
$6.38
each
($0.32 / oz)
StarKist Solid White Albacore Tuna in Water, 4 ct
Aisle 5


Add to cart

Add H-E-B Chunk Light Tuna in Water to list
H-E-B Chunk Light Tuna in Water, 12 oz
H-E-B Chunk Light Tuna in Water, 12 oz
$2.58
each
($0.22 / oz)
H-E-B Chunk Light Tuna in Water, 12 oz
Aisle 5


Add to cart

Add H-E-B Solid White Albacore Tuna in Water to list
H-E-B Solid White Albacore Tuna in Water, 12 oz
H-E-B Solid White Albacore Tuna in Water, 12 oz
$3.72
each
($0.31 / oz)
H-E-B Solid White Albacore Tuna in Water, 12 oz
Aisle 5


Add to cart

Add StarKist Chunk Light Tuna in Water Pouch to list
StarKist Chunk Light Tuna in Water Pouch, 2.6 oz
StarKist Chunk Light Tuna in Water Pouch, 2.6 oz
$1.24
each
($0.48 / oz)
StarKist Chunk Light Tuna in Water Pouch, 2.6 oz
Aisle 5


Add to cart

Add StarKist Solid White Albacore Tuna in Water to list
StarKist Solid White Albacore Tuna in Water, 12 oz
$3.68
each
($0.31 / oz)
StarKist Solid White Albacore Tuna in Water, 12 oz
Aisle 5


Add to cart

Add Chicken of the Sea Chunk Light Tuna in Water to list
Chicken of the Sea Chunk Light Tuna in Water, 12 oz
$2.56
each
($0.21 / oz)
Chicken of the Sea Chunk Light Tuna in Water, 12 oz
Aisle 5


Add to cart

Add Chicken of the Sea Chunk Light Tuna in Water to list
Chicken of the Sea Chunk Light Tuna in Water, 5 oz
$1.00
each
($0.20 / oz)
Chicken of the Sea Chunk Light Tuna in Water, 5 oz
Aisle 5


Add to cart

Add H-E-B Wild Caught Chunk Light Tuna in Spring Water Pouch to list
H-E-B Wild Caught Chunk Light Tuna in Spring Water Pouch, 2.5 oz
$1.28
each
($0.51 / oz)
H-E-B Wild Caught Chunk Light Tuna in Spring Water Pouch, 2.5 oz
Aisle 5


Add to cart

Add H-E-B Chunk Light Tuna in Water to list
H-E-B Chunk Light Tuna in Water, 5 oz
H-E-B Chunk Light Tuna in Water, 5 oz
$1.00
each
($0.20 / oz)
H-E-B Chunk Light Tuna in Water, 5 oz
Aisle 5


Add to cart

Add StarKist Lunch To-Go Chunk Light Tuna in Water Kit to list
StarKist Lunch To-Go Chunk Light Tuna in Water Kit, 4.1 oz
$1.98
each
($0.48 / oz)
StarKist Lunch To-Go Chunk Light Tuna in Water Kit, 4.1 oz
Aisle 5


Add to cart

Add H-E-B Chunk White Albacore Tuna in Water to list
H-E-B Chunk White Albacore Tuna in Water, 5 oz
H-E-B Chunk White Albacore Tuna in Water, 5 oz
$1.42
each
($0.28 / oz)
H-E-B Chunk White Albacore Tuna in Water, 5 oz
Aisle 5


Add to cart

Add StarKist Chunk Light Tuna in Water Pouch to list
StarKist Chunk Light Tuna in Water Pouch, 6.4 oz
$2.57
each
($0.40 / oz)
StarKist Chunk Light Tuna in Water Pouch, 6.4 oz
Aisle 5


Add to cart

Add StarKist Reduced Sodium Light Tuna in Water Pouch&nbsp; to list
StarKist Reduced Sodium Light Tuna in Water Pouch , 2.6 oz
$1.24
each
($0.48 / oz)
StarKist Reduced Sodium Light Tuna in Water Pouch , 2.6 oz
Aisle 5


Add to cart

Add StarKist Solid White Albacore Tuna in Water to list
StarKist Solid White Albacore Tuna in Water, 5 oz
$1.48
each
($0.30 / oz)
StarKist Solid White Albacore Tuna in Water, 5 oz
Aisle 5


Add to cart

Add H-E-B Pole & Line Chunk Light Tuna in Water to list
H-E-B Pole & Line Chunk Light Tuna in Water, 5 oz
H-E-B Pole & Line Chunk Light Tuna in Water, 5 oz
$1.58
each
($0.32 / oz)
H-E-B Pole & Line Chunk Light Tuna in Water, 5 oz
Aisle 5


Add to cart

Add H-E-B Wild Caught Chunk White Albacore Tuna in Spring Water Pouch to list
H-E-B Wild Caught Chunk White Albacore Tuna in Spring Water Pouch, 2.5 oz
$1.54
each
($0.62 / oz)
H-E-B Wild Caught Chunk White Albacore Tuna in Spring Water Pouch, 2.5 oz
Aisle 5


Add to cart

Add Chicken of the Sea Chunk Light Tuna in Water to list
Chicken of the Sea Chunk Light Tuna in Water, 5 oz
$1.00
each
($0.20 / oz)
Chicken of the Sea Chunk Light Tuna in Water, 5 oz
Aisle 5


Add to cart

Add StarKist Chunk Light Tuna in Water Value Pack to list
StarKist Chunk Light Tuna in Water Value Pack, 8 ct
$8.98
each
($0.43 / oz)
StarKist Chunk Light Tuna in Water Value Pack, 8 ct
Aisle 5


Add to cart

Add StarKist Lunch to Go Albacore Tuna in Water Kit to list
StarKist Lunch to Go Albacore Tuna in Water Kit, 4.1 oz
$1.98
each
($0.48 / oz)
StarKist Lunch to Go Albacore Tuna in Water Kit, 4.1 oz
Aisle 5


Add to cart

Add StarKist Selects Solid Light Tuna in Water to list
StarKist Selects Solid Light Tuna in Water, 4.5 oz
$2.12
each
($0.47 / oz)
StarKist Selects Solid Light Tuna in Water, 4.5 oz
Aisle 5


Add to cart

Add H-E-B Solid White Albacore Tuna in Water to list
H-E-B Solid White Albacore Tuna in Water, 4 pk
H-E-B Solid White Albacore Tuna in Water, 4 pk
$6.48
each
($0.32 / oz)
H-E-B Solid White Albacore Tuna in Water, 4 pk
Aisle 5


Add to cart

Add H-E-B Solid White Albacore Tuna in Water to list
H-E-B Solid White Albacore Tuna in Water, 5 oz
H-E-B Solid White Albacore Tuna in Water, 5 oz
$1.63
each
($0.33 / oz)
H-E-B Solid White Albacore Tuna in Water, 5 oz
Aisle 5


Add to cart

Add StarKist Chunk White Albacore Tuna in Water to list
StarKist Chunk White Albacore Tuna in Water, 5 oz
$1.24
each
($0.25 / oz)
StarKist Chunk White Albacore Tuna in Water, 5 oz
Aisle 5


Add to cart

Add Bumble Bee Premium Albacore Tuna in Water Pouch to list
Bumble Bee Premium Albacore Tuna in Water Pouch, 2.5 oz
$1.84
each
($0.74 / oz)
Bumble Bee Premium Albacore Tuna in Water Pouch, 2.5 oz
Aisle 5


Add to cart

Add H-E-B Pole & Line Solid Yellowfin Tuna in Water to list
H-E-B Pole & Line Solid Yellowfin Tuna in Water, 5 oz
H-E-B Pole & Line Solid Yellowfin Tuna in Water, 5 oz
$1.98
each
($0.40 / oz)
H-E-B Pole & Line Solid Yellowfin Tuna in Water, 5 oz
Aisle 5


Add to cart

Add H-E-B Reduced Sodium Chunk Light Tuna in Water to list
H-E-B Reduced Sodium Chunk Light Tuna in Water, 5 oz
H-E-B Reduced Sodium Chunk Light Tuna in Water, 5 oz
$1.18
each
($0.24 / oz)
H-E-B Reduced Sodium Chunk Light Tuna in Water, 5 oz
Aisle 5


Add to cart

Add H-E-B Reduced Sodium Chunk Light Tuna in Water to list
H-E-B Reduced Sodium Chunk Light Tuna in Water, 4 pk
H-E-B Reduced Sodium Chunk Light Tuna in Water, 4 pk
$4.68
each
($0.23 / oz)
H-E-B Reduced Sodium Chunk Light Tuna in Water, 4 pk
Aisle 5


Add to cart

Add StarKist Selects Solid White Albacore Tuna in Water to list
StarKist Selects Solid White Albacore Tuna in Water, 4.5 oz
$2.12
each
($0.47 / oz)
StarKist Selects Solid White Albacore Tuna in Water, 4.5 oz
Aisle 5


Add to cart

Add H-E-B Chunk Light Tuna in Water to list
H-E-B Chunk Light Tuna in Water, 4 lbs 2.5 oz
H-E-B Chunk Light Tuna in Water, 4 lbs 2.5 oz
$13.58
each
($0.20 / oz)
H-E-B Chunk Light Tuna in Water, 4 lbs 2.5 oz
Aisle 5


Add to cart

Add Genova Premium Yellowfin Tuna in Water with Sea Salt to list
Genova Premium Yellowfin Tuna in Water with Sea Salt, 5 oz
$2.98
each
($0.60 / oz)
Genova Premium Yellowfin Tuna in Water with Sea Salt, 5 oz
Aisle 5


Add to cart

Add Bumble Bee Premium Solid White Albacore Tuna in Water to list
Bumble Bee Premium Solid White Albacore Tuna in Water, 12 oz
$4.44
each
($0.37 / oz)
Bumble Bee Premium Solid White Albacore Tuna in Water, 12 oz
Aisle 5


Add to cart

Add Bumble Bee Premium Chunk White Albacore Tuna in Water to list
Bumble Bee Premium Chunk White Albacore Tuna in Water, 5 oz
$1.74
each
($0.35 / oz)
Bumble Bee Premium Chunk White Albacore Tuna in Water, 5 oz
Aisle 5


Add to cart

Add StarKist No Salt Added Chunk White Albacore Tuna in Water to list
StarKist No Salt Added Chunk White Albacore Tuna in Water, 4.5 oz
$2.12
each
($0.47 / oz)
StarKist No Salt Added Chunk White Albacore Tuna in Water, 4.5 oz
Aisle 5


Add to cart

Add H-E-B Pole & Line Solid White Albacore Tuna in Water to list
H-E-B Pole & Line Solid White Albacore Tuna in Water, 5 oz
H-E-B Pole & Line Solid White Albacore Tuna in Water, 5 oz
$1.98
each
($0.40 / oz)
H-E-B Pole & Line Solid White Albacore Tuna in Water, 5 oz
Aisle 5


Out of stock

Find similar items

Add Bumble Bee Premium Solid White Albacore Tuna in Water to list
Bumble Bee Premium Solid White Albacore Tuna in Water, 5 oz
$1.94
each
($0.39 / oz)
Bumble Bee Premium Solid White Albacore Tuna in Water, 5 oz
Aisle 5


Add to cart

Add Hill Country Fare Chunk White Albacore&nbsp;Tuna in Water Pouch to list
Hill Country Fare Chunk White Albacore Tuna in Water Pouch, 2.5 oz
$1.38
each
($0.55 / oz)
Hill Country Fare Chunk White Albacore Tuna in Water Pouch, 2.5 oz
Aisle 5


Add to cart

Add Central Market Yellowfin Tuna Fillets - Spring Water to list
Central Market Yellowfin Tuna Fillets - Spring Water, 6.3 oz
$6.98
each
($1.11 / oz)
Central Market Yellowfin Tuna Fillets - Spring Water, 6.3 oz
Aisle 5


Add to cart

Add Bumble Bee Solid White Tuna Albacore In Water to list
Bumble Bee Solid White Tuna Albacore In Water, 4 ct
$6.82
each
($0.34 / oz)
Bumble Bee Solid White Tuna Albacore In Water, 4 ct
Aisle 5


Add to cart

Add Central Market Yellowfin Tuna Fillets - Spring Water & Lemon to list
Central Market Yellowfin Tuna Fillets - Spring Water & Lemon, 6.3 oz
$6.98
each
($1.11 / oz)
Central Market Yellowfin Tuna Fillets - Spring Water & Lemon, 6.3 oz
Aisle 5


Add to cart

Add StarKist Albacore White Tuna in Water Pouch to list
StarKist Albacore White Tuna in Water Pouch, 6.4 oz
$3.68
each
($0.58 / oz)
StarKist Albacore White Tuna in Water Pouch, 6.4 oz
Aisle 5


Add to cart

Add H-E-B Pole & Line Solid White Albacore Tuna in Water - No Salt Added to list
H-E-B Pole & Line Solid White Albacore Tuna in Water - No Salt Added, 5 oz
$1.98
each
($0.40 / oz)
H-E-B Pole & Line Solid White Albacore Tuna in Water - No Salt Added, 5 oz
Aisle 5


Out of stock

Find similar items

Add Santa Catarina Tuna Chunks in Spring Water to list
Santa Catarina Tuna Chunks in Spring Water, 4.2 oz
$2.98
each
($0.71 / oz)
Santa Catarina Tuna Chunks in Spring Water, 4.2 oz
Aisle 5


Add to cart

Add H-E-B Wild Caught Chunk Light Tuna in Spring Water Pouch to list
H-E-B Wild Caught Chunk Light Tuna in Spring Water Pouch, 5 oz
$1.88
each
($0.38 / oz)
H-E-B Wild Caught Chunk Light Tuna in Spring Water Pouch, 5 oz
Aisle 5


Add to cart

Add StarKist Albacore White Tuna in Water Pouch to list
StarKist Albacore White Tuna in Water Pouch, 2.6 oz
$1.88
each
($0.72 / oz)
StarKist Albacore White Tuna in Water Pouch, 2.6 oz
Aisle 5


Add to cart

Add Chicken of the Sea Solid White Albacore Tuna in Water to list
Chicken of the Sea Solid White Albacore Tuna in Water, 5 oz
$1.48
each
($0.30 / oz)
Chicken of the Sea Solid White Albacore Tuna in Water, 5 oz
Aisle 5


Add to cart
Not what you expected?

Give feedback

Scroll to top
Company
Find a store
About us
Careers
Community
Newsroom
Sustainability
Our brands
Store openings
Suppliers
Our services
H-E-B credit card
Pharmacy
Restaurants
H-E-B services
Gift cards
H-E-B commercial real estate
Nutrition services
Custom cakes & catering
Customer service
Accessibility statement
Help & FAQs
Review our website
Coupon policy
Refund policy
Product recalls
More from H‑E‑B
All recipes & cooking
Meal Simple
Sushiya Sushi
Get it on Google Play
Download on the App Store
Copyright © 2025 H‑E‑B, LP

Your Privacy Choices | Privacy Policy | Terms & Conditions | Site map

Partners

H-E-B, LP MexicoCentral MarketMi TiendaJoe V's Smart ShopFavor Delivery

H‑E‑B Corporate Office: 646 S. Flores St., San Antonio, TX 78204

tuna in water | HEB.com